<?xml version="1.0" encoding="UTF-8"?><record xmlns="http://www.loc.gov/MARC21/slim" xmlns:cinclude="http://apache.org/cocoon/include/1.0" xmlns:zs="http://www.loc.gov/zing/srw/">
  <leader>00353nz  a2200121n  4500</leader>
  <controlfield tag="001">nr2002004466</controlfield>
  <controlfield tag="003">DLC</controlfield>
  <controlfield tag="005">20030319033118.0</controlfield>
  <controlfield tag="008">020129n| acannaabn          |n aaa     c</controlfield>
  <datafield tag="010" ind1=" " ind2=" ">
    <subfield code="a">nr2002004466</subfield>
  </datafield>
  <datafield tag="040" ind1=" " ind2=" ">
    <subfield code="a">NN-PD</subfield>
    <subfield code="b">eng</subfield>
    <subfield code="c">NN-PD</subfield>
  </datafield>
  <datafield tag="100" ind1="1" ind2=" ">
    <subfield code="a">Petronio, Leela</subfield>
  </datafield>
  <datafield tag="670" ind1=" " ind2=" ">
    <subfield code="a">Tap internationals [VR] c2001:</subfield>
    <subfield code="b">credits &amp; accomp. house program (Leela Petronio; tap dancer)</subfield>
  </datafield>
</record>